@misc{vp,
	author = {{Moslavac, M., Brzica, L., Simic, Z.}},
	title = {Virtualna produkcija u \emph{Unreal Engine 4} razvojnom okru≈æenju, v2.0},
	year = {20.01.2021.},
	url = {https://gitlab.com/mirtamoslavac/projekt-r-fer-2020},
	note = {\\pristupljeno 10.06.2021.}
}

@misc{vpguide1,
	author = {Noah Kader},
	title = {The Virtual Production Field Guide v1.2},
	year = {2019.},
	url = {https://cdn2.unrealengine.com/Unreal+Engine%2Fvpfieldguide%2FVP-Field-Guide-V1.2.02-5d28ccec9909ff626e42c619bcbe8ed2bf83138d.pdf},
	note = {pristupljeno 10.06.2021.}
}

@misc{vpguide2,
	author = {Noah Kader},
	title = {The Virtual Production Field Guide Volume 2, v1.0},
	year = {2021.},
	url = {https://cdn2.unrealengine.com/Virtual+Production+Field+Guide+Volume+2+v1.0-5b06b62cbc5f.pdf},
	note = {\\pristupljeno 10.06.2021.}
}

@misc{mandalorian,
	author = {Jeff Farris},
	title = {Forging new paths for filmmakers on "The Mandalorian"},
	year = {20.02.2020.},
	url = {https://www.unrealengine.com/en-US/blog/forging-new-paths-for-filmmakers-on-the-mandalorian},
	note = {pristupljeno 10.06.2021.}
}

@misc{dmx_previs,
	author = {{Moment Factory}},
	title = {DMX Previs Sample},
	year = {22.02.2021.},
	url = {https://unrealengine.com/marketplace/en-US/learn/dmx-previs-sample},
	note = {\\pristupljeno 10.06.2021.}
}

@misc{dmx_overview,
	author = {{DMX Overview}},
	url = {https://docs.unrealengine.com/en-US/WorkingWithMedia/DMX/Overview/index.html},
	note = {\\pristupljeno 10.06.2021.}
}

@misc{dmx_gdtf,
	author = {{DMX GDTF Support}},
	url = {https://docs.unrealengine.com/en-US/WorkingWithMedia/DMX/GDTFSupport/index.html},
	note = {\\pristupljeno 10.06.2021.}
}

@misc{art-net,
	author = {{Artistic Licence}},
	title = {Specification for the Art-Net 4 Ethernet Communication Protocol, v1.4dd2},
	year = {01.02.2021.},
	url = {https://artisticlicence.com/WebSiteMaster/User%20Guides/art-net.pdf},
	note = {\\pristupljeno 10.06.2021.}
}

@misc{streaming_packets,
	author = {{Streaming Packets}},
	url = {https://art-net.org.uk/how-it-works/streaming-packets},
	note = {\\pristupljeno 10.06.2021.}
}

@misc{subscription,
	author = {{Subscription}},
	url = {https://art-net.org.uk/how-it-works/streaming-packets/subscription},
	note = {\\pristupljeno 10.06.2021.}
}

@misc{sACN,
	author = {{Entertainment Services and Technology Association - ESTA}},
	title = {ANSI E1.31 - 2018, Entertainment Technology
	Lightweight streaming protocol for transport
	of DMX512 using ACN},
	year = {07.11.2018.},
	url = {https://tsp.esta.org/tsp/documents/docs/ANSI_E1-31-2018.pdf},
	note = {\\pristupljeno 10.06.2021.}
}

@misc{GDTF,
	author = {{GDTF Share}},
	url = {https://gdtf-share.com},
	note = {\\pristupljeno 10.06.2021.}
}

@misc{MagicQ,
	author = {{ChamSys}},
	title = {MagicQ User Manual, v1.9.1.0},
	year = {08.04.2021.},
	url = {https://secure.chamsys.co.uk/help/documentation/magicq},
	note = {\\pristupljeno 10.06.2021.}
}

@misc{MagicQ_Setup,
	author = {{Nierras, J.}},
	title = {Using Chamsys MagicQ to control DMX Lighting in Unreal},
	year = {13.02.2021.},
	url = {https://www.youtube.com/watch?v=xxliSWwjL6Q},
	note = {\\pristupljeno 10.06.2021.}
}